<record><leader>00000cas a22000007a 4500</leader><controlfield tag="001">14442013</controlfield><controlfield tag="008">861020d181u1817pauwr ne      0    0eng d</controlfield><datafield ind1=" " ind2=" " tag="010"><subfield code="a">sn 86053807 </subfield></datafield><datafield ind1=" " ind2=" " tag="040"><subfield code="a">NPX</subfield><subfield code="b">eng</subfield><subfield code="c">NPX</subfield><subfield code="d">OCLCG</subfield><subfield code="d">OCLCQ</subfield><subfield code="d">OCLCA</subfield></datafield><datafield ind1=" " ind2=" " tag="042"><subfield code="a">msc</subfield></datafield><datafield ind1="0" ind2="4" tag="245"><subfield code="a">The Sunbury and Northumberland gazette, and Republican advertiser.</subfield></datafield><datafield ind1="1" ind2="3" tag="246"><subfield code="a">Northumberland gazette and Republican advertiser</subfield></datafield><datafield ind1=" " ind2=" " tag="260"><subfield code="a">Northumberland, Pa. :</subfield><subfield code="b">Printed by A. Kennedy &amp; G. Sweney</subfield></datafield><datafield ind1=" " ind2=" " tag="300"><subfield code="a">v.</subfield></datafield><datafield ind1=" " ind2=" " tag="310"><subfield code="a">Weekly</subfield></datafield><datafield ind1="1" ind2=" " tag="362"><subfield code="a">Ceased in 1817?</subfield><subfield code="z">Cf. Brigham, C.S. Amer. newspapers.</subfield></datafield><datafield ind1="4" ind2=" " tag="510"><subfield code="a">Brigham, C.S. Amer. newspapers,</subfield><subfield code="c">p. 887</subfield></datafield><datafield ind1=" " ind2=" " tag="588"><subfield code="a">Description based on: Vol. 21, no. 49 (June 29, 1813).</subfield></datafield><datafield ind1="1" ind2=" " tag="700"><subfield code="a">Kennedy, Andrew,</subfield><subfield code="d">-1819.</subfield></datafield><datafield ind1="1" ind2=" " tag="700"><subfield code="a">Sweney, George.</subfield></datafield><datafield ind1=" " ind2=" " tag="752"><subfield code="a">United States</subfield><subfield code="b">Pennsylvania</subfield><subfield code="c">Northumberland</subfield><subfield code="d">Northumberland.</subfield></datafield><datafield ind1="0" ind2="0" tag="780"><subfield code="t">Kennedy's Sunbury &amp; Northumberland gazette</subfield><subfield code="w">(DLC)sn 86081163</subfield></datafield><datafield ind1="1" ind2=" " tag="029"><subfield code="a">AU@</subfield><subfield code="b">000025795703</subfield></datafield></record>